<collection xmlns="http://www.loc.gov/MARC21/slim">
<record>
  <leader>00528ncm0a22001691i 450 </leader>
  <controlfield tag="001">IT\ICCU\CNCE\036970</controlfield>
  <controlfield tag="005">19990505000000.0</controlfield>
  <datafield tag="100" ind1=" " ind2=" ">
    <subfield code="a">19980610d1586        0itac0103    ba</subfield>
  </datafield>
  <datafield tag="101" ind1=" " ind2=" ">
    <subfield code="a">ITA</subfield>
  </datafield>
  <datafield tag="102" ind1=" " ind2=" ">
    <subfield code="a">IT</subfield>
  </datafield>
  <datafield tag="200" ind1="1" ind2=" ">
    <subfield code="a">Primo libro de madrigali a 4 voci</subfield>
  </datafield>
  <datafield tag="210" ind1=" " ind2=" ">
    <subfield code="a">Venezia</subfield>
    <subfield code="c">Giacomo Vincenzi e Riccardo Amadino</subfield>
    <subfield code="d">1586</subfield>
  </datafield>
  <datafield tag="300" ind1=" " ind2=" ">
    <subfield code="a">RISM: 1, A 1345</subfield>
  </datafield>
  <datafield tag="620" ind1=" " ind2=" ">
    <subfield code="a">IT</subfield>
    <subfield code="d">Venezia</subfield>
  </datafield>
  <datafield tag="700" ind1=" " ind2="1">
    <subfield code="a">Archadelt,</subfield>
    <subfield code="b">Jacques</subfield>
    <subfield code="3">IT\ICCU\CNCA\010277</subfield>
  </datafield>
  <datafield tag="712" ind1="0" ind2="0">
    <subfield code="a">Vincenzi, Giacomo &amp; Amadino, Riccardo</subfield>
    <subfield code="3">IT\ICCU\CNCT\000814</subfield>
    <subfield code="4">650</subfield>
  </datafield>
  <datafield tag="801" ind1=" " ind2="3">
    <subfield code="a">IT</subfield>
    <subfield code="b">ICCU</subfield>
    <subfield code="c">20201114</subfield>
  </datafield>
</record>
</collection>
